@book{adams1995hitchhiker,
  title={The Hitchhiker's Guide to the Galaxy},
  author={Adams, D.},
  isbn={9781417642595},
  url={http://books.google.com/books?id=W-xMPgAACAAJ},
  year={1995},
  publisher={San Val}
}

@misc{assignment,
  title = {TMA4195 Project assignment},
  howpublished = {\url{https://www.math.ntnu.no/emner/TMA4195/2017h/public/project.pdf}},
  note = {Accessed: 2017-10-26}
}
